{
  "leader": "05205cam a2200553 a 4500",
  "fields": [
    {
      "001": "ocm24142683\\"
    },
    {
      "003": "OCoLC"
    },
    {
      "005": "20220630131245.0"
    },
    {
      "008": "910705s1992\\\\\\\\mdu\\\\\\\\\\\\b\\\\\\\\001\\0\\eng\\\\"
    },
    {
      "010": {
        "ind1": "\\",
        "ind2": "\\",
        "subfields": [
          {
            "a": "   91026100 "
          }
        ]
      }
    },
    {
      "040": {
        "ind1": "\\",
        "ind2": "\\",
        "subfields": [
          {
            "a": "DLC"
          },
          {
            "b": "eng"
          },
          {
            "c": "DLC"
          },
          {
            "d": "UKM"
          },
          {
            "d": "PGC"
          },
          {
            "d": "BTCTA"
          },
          {
            "d": "YDXCP"
          },
          {
            "d": "BAKER"
          },
          {
            "d": "NLGGC"
          },
          {
            "d": "GEBAY"
          },
          {
            "d": "ZWZ"
          },
          {
            "d": "BDX"
          },
          {
            "d": "OCLCF"
          },
          {
            "d": "DEBBG"
          },
          {
            "d": "GZN"
          },
          {
            "d": "GZT"
          },
          {
            "d": "OCLCQ"
          },
          {
            "d": "THHCU"
          },
          {
            "d": "YDX"
          },
          {
            "d": "XFF"
          },
          {
            "d": "FIE"
          },
          {
            "d": "CNUTO"
          },
          {
            "d": "CSB"
          },
          {
            "d": "VGM"
          },
          {
            "d": "THHCU"
          },
          {
            "d": "CSJ"
          },
          {
            "d": "OCLCQ"
          },
          {
            "d": "TYC"
          },
          {
            "d": "RCE"
          },
          {
            "d": "DLC"
          },
          {
            "d": "MUX"
          },
          {
            "d": "NJR"
          },
          {
            "d": "CN5CF"
          },
          {
            "d": "BUF"
          },
          {
            "d": "VTU"
          },
          {
            "d": "NIU"
          },
          {
            "d": "CNO"
          },
          {
            "d": "UAB"
          },
          {
            "d": "GZM"
          },
          {
            "d": "OL{dollar}"
          },
          {
            "d": "GILDS"
          },
          {
            "d": "BRL"
          },
          {
            "d": "CEF"
          },
          {
            "d": "TKN"
          },
          {
            "d": "FQG"
          },
          {
            "d": "PAU"
          },
          {
            "d": "NAM"
          },
          {
            "d": "INT"
          },
          {
            "d": "MAFCI"
          },
          {
            "d": "WYU"
          },
          {
            "d": "UKMGB"
          },
          {
            "d": "EUQ"
          },
          {
            "d": "OCLCQ"
          },
          {
            "d": "ERD"
          },
          {
            "d": "OCLCQ"
          },
          {
            "d": "UKBTH"
          },
          {
            "d": "IL4J6"
          },
          {
            "d": "OCLCO"
          }
        ]
      }
    },
    {
      "066": {
        "ind1": "\\",
        "ind2": "\\",
        "subfields": [
          {
            "c": "Thai"
          }
        ]
      }
    },
    {
      "015": {
        "ind1": "\\",
        "ind2": "\\",
        "subfields": [
          {
            "a": "GB9323426"
          },
          {
            "2": "bnb"
          }
        ]
      }
    },
    {
      "016": {
        "ind1": "7",
        "ind2": "\\",
        "subfields": [
          {
            "a": "012000295"
          },
          {
            "2": "Uk"
          }
        ]
      }
    },
    {
      "019": {
        "ind1": "\\",
        "ind2": "\\",
        "subfields": [
          {
            "a": "28113264"
          },
          {
            "a": "960033640"
          },
          {
            "a": "992373738"
          },
          {
            "a": "1022749516"
          },
          {
            "a": "1034895968"
          },
          {
            "a": "1064861075"
          },
          {
            "a": "1069308142"
          },
          {
            "a": "1080748682"
          },
          {
            "a": "1083060297"
          },
          {
            "a": "1083389319"
          },
          {
            "a": "1084850444"
          },
          {
            "a": "1087280307"
          },
          {
            "a": "1088462302"
          },
          {
            "a": "1166866709"
          }
        ]
      }
    },
    {
      "020": {
        "ind1": "\\",
        "ind2": "\\",
        "subfields": [
          {
            "a": "0801842727"
          },
          {
            "q": "(alk. paper)"
          }
        ]
      }
    },
    {
      "020": {
        "ind1": "\\",
        "ind2": "\\",
        "subfields": [
          {
            "a": "9780801842726"
          },
          {
            "q": "(alk. paper)"
          }
        ]
      }
    },
    {
      "020": {
        "ind1": "\\",
        "ind2": "\\",
        "subfields": [
          {
            "a": "080186979X"
          }
        ]
      }
    },
    {
      "020": {
        "ind1": "\\",
        "ind2": "\\",
        "subfields": [
          {
            "a": "9780801869792"
          }
        ]
      }
    },
    {
      "035": {
        "ind1": "\\",
        "ind2": "\\",
        "subfields": [
          {
            "a": "(OCoLC)24142683"
          },
          {
            "z": "(OCoLC)28113264"
          },
          {
            "z": "(OCoLC)960033640"
          },
          {
            "z": "(OCoLC)992373738"
          },
          {
            "z": "(OCoLC)1022749516"
          },
          {
            "z": "(OCoLC)1034895968"
          },
          {
            "z": "(OCoLC)1064861075"
          },
          {
            "z": "(OCoLC)1069308142"
          },
          {
            "z": "(OCoLC)1080748682"
          },
          {
            "z": "(OCoLC)1083060297"
          },
          {
            "z": "(OCoLC)1083389319"
          },
          {
            "z": "(OCoLC)1084850444"
          },
          {
            "z": "(OCoLC)1087280307"
          },
          {
            "z": "(OCoLC)1088462302"
          },
          {
            "z": "(OCoLC)1166866709"
          }
        ]
      }
    },
    {
      "043": {
        "ind1": "\\",
        "ind2": "\\",
        "subfields": [
          {
            "a": "n-us---"
          }
        ]
      }
    },
    {
      "050": {
        "ind1": "0",
        "ind2": "0",
        "subfields": [
          {
            "a": "HV91"
          },
          {
            "b": ".H263 1992"
          }
        ]
      }
    },
    {
      "080": {
        "ind1": "0",
        "ind2": "\\",
        "subfields": [
          {
            "a": "338.74"
          }
        ]
      }
    },
    {
      "082": {
        "ind1": "0",
        "ind2": "0",
        "subfields": [
          {
            "a": "361.70973"
          },
          {
            "b": "HAL"
          }
        ]
      }
    },
    {
      "100": {
        "ind1": "1",
        "ind2": "\\",
        "subfields": [
          {
            "a": "Hall, Peter Dobkin,"
          },
          {
            "d": "1946-2015."
          }
        ]
      }
    },
    {
      "245": {
        "ind1": "1",
        "ind2": "0",
        "subfields": [
          {
            "a": "Inventing the nonprofit sector and other essays on philanthropy, voluntarism, and nonprofit organizations /"
          },
          {
            "c": "by Peter Dobkin Hall."
          }
        ]
      }
    },
    {
      "260": {
        "ind1": "\\",
        "ind2": "\\",
        "subfields": [
          {
            "a": "Baltimore :"
          },
          {
            "b": "Johns Hopkins University Press,"
          },
          {
            "c": "\u00a91992."
          }
        ]
      }
    },
    {
      "300": {
        "ind1": "\\",
        "ind2": "\\",
        "subfields": [
          {
            "a": "xiv, 349 pages ;"
          },
          {
            "c": "24 cm"
          }
        ]
      }
    },
    {
      "336": {
        "ind1": "\\",
        "ind2": "\\",
        "subfields": [
          {
            "a": "text"
          },
          {
            "b": "txt"
          },
          {
            "2": "rdacontent"
          }
        ]
      }
    },
    {
      "337": {
        "ind1": "\\",
        "ind2": "\\",
        "subfields": [
          {
            "a": "unmediated"
          },
          {
            "b": "n"
          },
          {
            "2": "rdamedia"
          }
        ]
      }
    },
    {
      "338": {
        "ind1": "\\",
        "ind2": "\\",
        "subfields": [
          {
            "a": "volume"
          },
          {
            "b": "nc"
          },
          {
            "2": "rdacarrier"
          }
        ]
      }
    },
    {
      "504": {
        "ind1": "\\",
        "ind2": "\\",
        "subfields": [
          {
            "a": "Includes bibliographical references (pages 269-341) and index."
          }
        ]
      }
    },
    {
      "505": {
        "ind1": "0",
        "ind2": "\\",
        "subfields": [
          {
            "a": "Inventing the nonprofit sector -- Reflections on the nonprofit sector in the postliberal era -- \"A bridge founded upon justice and built of human hearts\" : reflections on religion and philanthropy -- Cultures of trusteeship in the United States -- Conflicting managerial cultures in nonprofit organizations -- Paper ephemera : managers, policymakers, scholars, and the future of American philanthropy -- Obstacles to nonprofits teaching and research -- Dilemmas of research on philanthropy, voluntarism, and nonprofit organizations -- The \"me generation\" grows up : thoughts on the new future of the nonprofit sector."
          }
        ]
      }
    },
    {
      "520": {
        "ind1": "1",
        "ind2": "\\",
        "subfields": [
          {
            "a": "\"Philanthropy and voluntarism are among the most familiar and least understood of American institutions. The oldest American nonprofit corporation--Harvard College--dates from 1636, but most of the million or so nonprofits currently in existence were established after 1960. Although perceived as quintessentially American, these organized efforts to entrust public tasks to private agencies have, from colonial times, been the subject of fierce controversy.\" \"In \"Inventing the Nonprofit Sector\" and Other Essays on Philanthropy, Voluntarism, and Nonprofit Organizations cultural historian Peter Dobkin Hall describes and analyses the development of America's fastest growing institutional sector. Addressing the historical, religious, cultural, managerial and public-policy dimensions of philanthropy and voluntarism, Hall examines the public perception of nonprofits, their structure, and the consequences of that structure for management and public policy. He also considers \"the difficulty of producing objective scholarship about an industry that is both the chief initiator of research and its major consumer.\"\" \"The continuing debate over philanthropy and voluntarism, Hall argues, expresses central tensions in democratic life. In our own time, these involve not only well-publicized controversies over public policy with regard to taxation, regulation, and social welfare but also less visible--but no less significant--struggles within private organizations as they seek to define and serve public needs.\"--Jacket."
          }
        ]
      }
    },
    {
      "650": {
        "ind1": "\\",
        "ind2": "0",
        "subfields": [
          {
            "a": "Charities"
          },
          {
            "z": "United States."
          }
        ]
      }
    },
    {
      "650": {
        "ind1": "\\",
        "ind2": "0",
        "subfields": [
          {
            "a": "Nonprofit organizations"
          },
          {
            "z": "United States."
          }
        ]
      }
    },
    {
      "650": {
        "ind1": "\\",
        "ind2": "0",
        "subfields": [
          {
            "a": "Voluntarism"
          },
          {
            "z": "United States."
          }
        ]
      }
    },
    {
      "650": {
        "ind1": "\\",
        "ind2": "7",
        "subfields": [
          {
            "a": "Charities."
          },
          {
            "2": "fast"
          },
          {
            "0": "(OCoLC)fst00852404"
          }
        ]
      }
    },
    {
      "650": {
        "ind1": "\\",
        "ind2": "7",
        "subfields": [
          {
            "a": "Nonprofit organizations."
          },
          {
            "2": "fast"
          },
          {
            "0": "(OCoLC)fst01038875"
          }
        ]
      }
    },
    {
      "650": {
        "ind1": "\\",
        "ind2": "7",
        "subfields": [
          {
            "a": "Voluntarism."
          },
          {
            "2": "fast"
          },
          {
            "0": "(OCoLC)fst01168976"
          }
        ]
      }
    },
    {
      "651": {
        "ind1": "\\",
        "ind2": "7",
        "subfields": [
          {
            "a": "United States."
          },
          {
            "2": "fast"
          },
          {
            "0": "(OCoLC)fst01204155"
          }
        ]
      }
    },
    {
      "776": {
        "ind1": "0",
        "ind2": "8",
        "subfields": [
          {
            "i": "Online version:"
          },
          {
            "a": "Hall, Peter Dobkin, 1946-"
          },
          {
            "t": "Inventing the nonprofit sector and other essays on philanthropy, voluntarism, and nonprofit organizations."
          },
          {
            "d": "Baltimore : Johns Hopkins University Press, \u00a91992"
          },
          {
            "w": "(OCoLC)555807887"
          }
        ]
      }
    },
    {
      "856": {
        "ind1": "4",
        "ind2": "1",
        "subfields": [
          {
            "3": "Table of contents"
          },
          {
            "u": "http://bvbr.bib-bvb.de:8991/F?func=service&doc_library=BVB01&local_base=BVB01&doc_number=003414588&line_number=0001&func_code=DB_RECORDS&service_type=MEDIA"
          }
        ]
      }
    },
    {
      "856": {
        "ind1": "4",
        "ind2": "2",
        "subfields": [
          {
            "3": "Contributor biographical information"
          },
          {
            "u": "http://catdir.loc.gov/catdir/bios/jhu051/91026100.html"
          }
        ]
      }
    },
    {
      "856": {
        "ind1": "4",
        "ind2": "2",
        "subfields": [
          {
            "3": "Publisher description"
          },
          {
            "u": "http://catdir.loc.gov/catdir/description/jhu051/91026100.html"
          }
        ]
      }
    },
    {
      "880": {
        "ind1": "\\",
        "ind2": "\\",
        "subfields": [
          {
            "6": "658-00"
          },
          {
            "a": "SW -- 1 &#x0E40;&#x0E25;&#x0E48;&#x0E21;."
          }
        ]
      }
    },
    {
      "994": {
        "ind1": "\\",
        "ind2": "\\",
        "subfields": [
          {
            "a": "Z0"
          },
          {
            "b": "NYRVC"
          }
        ]
      }
    },
    {
      "948": {
        "ind1": "\\",
        "ind2": "\\",
        "subfields": [
          {
            "h": "NO HOLDINGS IN NYRVC - 386 OTHER HOLDINGS"
          }
        ]
      }
    },
    {
      "999": {
        "ind1": "\\",
        "ind2": "\\",
        "subfields": [
          {
            "a": "00000000013842"
          }
        ]
      }
    }
  ]
}